<record><leader>00000cas a22000007a 4500</leader><controlfield tag="001">18012286</controlfield><controlfield tag="008">880530d18921900lauwr ne      0   a0eng c</controlfield><controlfield tag="009">8528</controlfield><datafield ind1=" " ind2=" " tag="010"><subfield code="a">sn 88064460 </subfield></datafield><datafield ind1=" " ind2=" " tag="040"><subfield code="a">LNP</subfield><subfield code="b">eng</subfield><subfield code="c">LNP</subfield><subfield code="d">LNP</subfield><subfield code="d">DLC</subfield><subfield code="d">OCLCF</subfield></datafield><datafield ind1=" " ind2=" " tag="012"><subfield code="l">a</subfield></datafield><datafield ind1="0" ind2=" " tag="022"><subfield code="a">2163-6796</subfield><subfield code="2">1</subfield></datafield><datafield ind1=" " ind2=" " tag="042"><subfield code="a">pcc</subfield><subfield code="a">nsdp</subfield></datafield><datafield ind1=" " ind2=" " tag="043"><subfield code="a">n-us-la</subfield></datafield><datafield ind1="0" ind2="0" tag="050"><subfield code="a">Newspaper</subfield></datafield><datafield ind1="1" ind2="0" tag="082"><subfield code="a">070</subfield><subfield code="2">14</subfield></datafield><datafield ind1="0" ind2=" " tag="130"><subfield code="a">Progress (Shreveport, La.)</subfield></datafield><datafield ind1=" " ind2="4" tag="222"><subfield code="a">The Progress</subfield><subfield code="b">(Shreveport, La.)</subfield></datafield><datafield ind1="1" ind2="4" tag="245"><subfield code="a">The Progress.</subfield></datafield><datafield ind1="1" ind2="7" tag="246"><subfield code="a">Weekly progress</subfield></datafield><datafield ind1="1" ind2="7" tag="246"><subfield code="a">Semi-weekly progress</subfield></datafield><datafield ind1=" " ind2=" " tag="260"><subfield code="a">Shreveport, La. :</subfield><subfield code="b">Cal D. Hicks &amp; G.G. Williams</subfield></datafield><datafield ind1=" " ind2=" " tag="310"><subfield code="a">Weekly,</subfield><subfield code="b">Sept. 26, 1896-</subfield></datafield><datafield ind1=" " ind2=" " tag="321"><subfield code="a">Weekly</subfield><subfield code="b">&lt;Feb. 27, 1892&gt;-May 9, 1896</subfield></datafield><datafield ind1=" " ind2=" " tag="321"><subfield code="a">Semiweekly,</subfield><subfield code="b">May 14-Sept. 19, 1896</subfield></datafield><datafield ind1="1" ind2=" " tag="362"><subfield code="a">Began with Feb. 6, 1892 issue. Ceased in 1900.</subfield></datafield><datafield ind1=" " ind2=" " tag="530"><subfield code="a">Archived issues are available in digital format as part of the Library of Congress Chronicling America online collection.</subfield></datafield><datafield ind1=" " ind2=" " tag="580"><subfield code="a">Daily eds.: Daily progress (Shreveport, La.) &lt;Mar. 8&gt;-Mar. 26, 1899; Morning progress (Shreveport, La.), Mar. 28-&lt;July 1&gt; 1899.</subfield></datafield><datafield ind1=" " ind2=" " tag="588"><subfield code="a">Description based on: Vol. 1, no. 4 (Feb. 27, 1892).</subfield></datafield><datafield ind1=" " ind2="0" tag="651"><subfield code="a">Shreveport (La.)</subfield><subfield code="v">Newspapers.</subfield></datafield><datafield ind1=" " ind2="0" tag="651"><subfield code="a">Caddo Parish (La.)</subfield><subfield code="v">Newspapers.</subfield></datafield><datafield ind1=" " ind2="7" tag="655"><subfield code="a">Newspapers.</subfield><subfield code="2">fast</subfield><subfield code="0">(OCoLC)fst01423814</subfield></datafield><datafield ind1=" " ind2="7" tag="651"><subfield code="a">Louisiana</subfield><subfield code="z">Caddo Parish.</subfield><subfield code="2">fast</subfield><subfield code="0">(OCoLC)fst01207485</subfield></datafield><datafield ind1=" " ind2="7" tag="651"><subfield code="a">Louisiana</subfield><subfield code="z">Shreveport.</subfield><subfield code="2">fast</subfield><subfield code="0">(OCoLC)fst01209612</subfield></datafield><datafield ind1=" " ind2=" " tag="752"><subfield code="a">United States</subfield><subfield code="b">Louisiana</subfield><subfield code="c">Caddo</subfield><subfield code="d">Shreveport.</subfield></datafield><datafield ind1="1" ind2=" " tag="775"><subfield code="t">Daily progress (Shreveport, La.)</subfield><subfield code="w">(DLC)sn 88064504</subfield><subfield code="w">(OCoLC)18122535</subfield></datafield><datafield ind1="1" ind2=" " tag="775"><subfield code="t">Morning progress (Shreveport, La.)</subfield><subfield code="w">(DLC)sn 88064505</subfield><subfield code="w">(OCoLC)18122523</subfield></datafield><datafield ind1="4" ind2="1" tag="856"><subfield code="u">http://www.loc.gov/chroniclingamerica/lccn/sn88064460/issues</subfield></datafield></record>